<?xml version="1.0" encoding="UTF-8"?><collection xmlns="http://www.loc.gov/MARC21/slim"><record><leader>00487nam--2200121-i-4500</leader><controlfield tag="001">000004179</controlfield><controlfield tag="002">20161230</controlfield><controlfield tag="005">20170222145902</controlfield><controlfield tag="008">060222s1000------------r-----000-0-eng-d</controlfield><datafield ind1=" " ind2=" " tag="245"><subfield code="a">Carburizing. This book contains the papers and discussions constituting the Symposium on Carburizing presented before the Nineteenth Annual Convention of the American Society, Oct.18 to 22, 1937</subfield></datafield><datafield ind1=" " ind2=" " tag="260"><subfield code="a">Cleveland, Ohio</subfield><subfield code="b">American Society For Metals</subfield><subfield code="c">1938</subfield></datafield><datafield ind1=" " ind2=" " tag="300"><subfield code="a">339 p</subfield></datafield><datafield ind1=" " ind2=" " tag="CAT"><subfield code="a">SYS</subfield><subfield code="c">20170222</subfield><subfield code="h">145902</subfield></datafield></record></collection>